@inproceedings{choi2017convolutional,
  title={Convolutional recurrent neural networks for music classification},
  author={Choi, K. and Fazekas, G. and Sandler, M. and Cho, K.},
  booktitle={Acoustics, Speech and Signal Processing (ICASSP), 2017 IEEE International Conference on},
  pages={2392--2396},
  year={2017},
  organization={IEEE}
}

@article{kingma2014adam,
  title={Adam: A method for stochastic optimization},
  author={Kingma, D. P. and Ba, J.},
  journal={arXiv preprint arXiv:1412.6980},
  year={2014}
}

@article{chung2014empirical,
  title={Empirical evaluation of gated recurrent neural networks on sequence modeling},
  author={Chung, J. and Gulcehre, C. and Cho, K. and Bengio, Y.},
  journal={arXiv preprint arXiv:1412.3555},
  year={2014}
}

@inproceedings{weninger2015speech,
  title={Speech enhancement with {LSTM} recurrent neural networks and its application to noise-robust {ASR}},
  author={Weninger, F. and Erdogan, H. and Watanabe, S. and Vincent, E. and Le Roux, J. and Hershey, J. R. and Schuller, B.},
  booktitle={International Conference on Latent Variable Analysis and Signal Separation},
  pages={91--99},
  year={2015},
  organization={Springer}
}

@inproceedings{eyben2010universal,
  title={Universal onset detection with bidirectional long-short term memory neural networks},
  author={Eyben, F. and B{\"o}ck, S. and Schuller, B. and Graves, A.},
  booktitle={Proc. 11th Intern. Soc. Music Information Retrieval Conference, ISMIR, Utrecht, The Netherlands},
  pages={589--594},
  year={2010}
}

@article{eck2008learning,
  title={Learning musical structure directly from sequences of music},
  author={Eck, D. and Lapalme, J.},
  journal={University of Montreal, Department of Computer Science, CP},
  volume={6128},
  year={2008}
}

@article{rakowski1985perception,
  title={The perception of musical intervals by music students},
  author={Rakowski, A.},
  journal={Bulletin of the Council for Research in Music Education},
  pages={175--186},
  year={1985},
  publisher={JSTOR}
}

@article{kantorski1986string,
  title={String instrument intonation in upper and lower registers: The effects of accompaniment},
  author={Kantorski, V. J.},
  journal={Journal of Research in Music Education},
  volume={34},
  number={3},
  pages={200--210},
  year={1986},
  publisher={SAGE Publications Sage CA: Los Angeles, CA}
}

@inproceedings{eck2002finding,
  title={Finding temporal structure in music: Blues improvisation with {LSTM} recurrent networks},
  author={Eck, D. and Schmidhuber, J.},
  booktitle={Proc. 2002 12th IEEE Workshop on Neural Networks for Signal Processing},
  pages={747--756},
  year={2002},
  organization={IEEE}
}

@article{boulanger2012modeling,
  title={Modeling temporal dependencies in high-dimensional sequences: Application to polyphonic music generation and transcription},
  author={Boulanger-Lewandowski, N. and Bengio, Y. and Vincent, P.},
  journal={arXiv preprint arXiv:1206.6392},
  year={2012}
}

@article{Mesaros2018_DCASE,
    Author = "Mesaros, A. and Heittola, T. and Virtanen, T.",
    title = "A multi-device dataset for urban acoustic scene classification",
    year = "2018",
    keywords = "Acoustic scene classification, DCASE challenge, public datasets, multi-device data",
    archiveprefix = "arXiv",
    journal = "arXiv:1807.09840"
}

@article{mushra,
  title={Bs. 1534-1. method for the subjective assessment of intermediate sound quality (mushra)},
  author={Recommendation, ITUR},
  journal={International Telecommunications Union, Geneva},
  year={2001}
}

@misc{salazar2015continuous,
  title={Continuous score-coded pitch correction},
  author={Salazar, S. and Fiebrink, R. A. and Wang, G. and Ljungstr{\"o}m, M. and Smith, J. C. and Cook, P. R.},
  year={2015},
  month={9},
  day={29},
  publisher={Google Patents},
  note={US Patent 9,147,385}
}

@misc{hildebrand1999pitch,
  title={Pitch detection and intonation correction apparatus and method},
  author={Hildebrand, H. A.},
  year={1999},
  month=oct # "~26",
  publisher={Google Patents},
  note={US Patent 5,973,252}
}

@inproceedings{mauch2014pyin,
  title={p{YIN}: A fundamental frequency estimator using probabilistic threshold distributions},
  author={Mauch, M. and Dixon, S.},
  booktitle={IEEE Int. Conf. Acoustics, Speech and Signal Processing (ICASSP)},
  pages={659--663},
  year={2014},
}

@inproceedings{wager2018intonation,
  title={INTONATION: A DATASET OF QUALITY VOCAL PERFORMANCES REFINED BY SPECTRAL CLUSTERING ON PITCH CONGRUENCE},
  author={Wager, S. and Tzanetakis, G. and and Sullivan, S. Wang, C. and Shimmin, J. and Kim, M. and Cook, P.},
  booktitle={IEEE Int. Conf. Acoustics, Speech and Signal Processing (ICASSP)},
  year={2019},
}

@article{noise,
  title={Online PLCA for Real-Time Semi-supervised Source Separation.},
  author={Duan, Zhiyao and Mysore, Gautham J and Smaragdis, Paris},
  journal={LVA/ICA},
  volume={7191},
  pages={34--41},
  year={2012},
  publisher={Springer}
}

@inproceedings{
  SiSEC17,
  Title = {The 2016 Signal Separation Evaluation Campaign},
  Author = {
      Liutkus, A. and St{\"o}ter, F. and
      Rafii, Z. and Kitamura, D. and
      Rivet, B. and Ito, N. and
      Ono, N. and Fontecave, J.},
  booktitle = {13th Int. Conf. Latent Variable Analysis and Signal Separation (LVA/ICA)},
  address = {Grenoble, France},
  Pages = {323--332},
  Year = {2017},
}

@inproceedings{mcfee2015librosa,
  title={Lib{ROSA}: Audio and music signal analysis in {P}ython},
  author={McFee, B. and Raffel, C. and Liang, D. and Ellis, D. P. W. and McVicar, M. and Battenberg, E. and Nieto, O.},
  booktitle={Proc. 14th Python in Science Conference},
  year={2015}
}

@inproceedings{LeeDD2000nips,
  title={Algorithms for non-negative matrix factorization},
  author={Lee, D. D. and Seung, H. S.},
  booktitle={Advances in Neural Information Processing Systems (NIPS)},
  pages={556--562},
  year={2001}
}


@inproceedings{pascanu2013difficulty,
  title={On the difficulty of training recurrent neural networks},
  author={Pascanu, R. and Mikolov, T. and Bengio, Y.},
  booktitle={Int. Conf. on Machine Learning},
  pages={1310--1318},
  year={2013}
}

@inproceedings{he2015delving,
  title={Delving deep into rectifiers: Surpassing human-level performance on {I}magenet classification},
  author={He, K. and Zhang, X. and Ren, S. and Sun, J.},
  booktitle={Proc. {IEEE} Int. Conf. on Computer Vision},
  pages={1026--1034},
  year={2015}
}


@misc{WinNT,
  title = {{MS Windows NT} Kernel Description},
  howpublished = {\url{http://web.archive.org/web/20080207010024/http://www.808multimedia.com/winnt/kernel.htm}},
  note = {Accessed: 2010-09-30}
}

@misc{smule-blog,
  title = {Smule blog: Tuesday tips--What effects should I use},
  howpublished = {\url{https://blog.smule.com/tuesday-tips-what-effects-should-i-use}},
  note = {Accessed: 2020-07-01}
}



@misc{antares:2016,
  title  = {Auto-Tune Live: Owner's Manual},
  author = {Antares Audio Technologies},
  howpublished = {\url{https://www.antarestech.com/mediafiles/documentation\_records/10\_Auto-Tune\_Live\_Manual.pdf}},
  year   = {2016},
  note = {accessed March 20th, 2018}
}

@misc{antares:2018,
  title  = {Auto-Tune Pro: Manual},
  author = {Antares Audio Technologies},
  howpublished = {\url{https://www.antarestech.com/mediafiles/documentation_records/Auto\-Tune\_Pro\_Manual.pdf}},
  year   = {2018},
  note = {accessed June 10th, 2020}
}

@article{ChoK2014arxiv,
  title={Learning phrase representations using {RNN} encoder-decoder for statistical machine translation},
  author={Cho, K. and Van Merri{\"e}nboer, B. and Gulcehre, C. and Bahdanau, D. and Bougares, F. and Schwenk, H. and Bengio, Y.},
  journal={arXiv preprint arXiv:1406.1078},
  year={2014}
}

@article{luo2017singing,
	Author = {Luo, Y. and Chen, M. and Chi, T. and Su, L.},
	Month = {11},
	Title = {Singing voice correction using canonical time warping},
	Year = {2017}}
	
@inproceedings{luo2018singing,
  title={Singing voice correction using canonical time warping},
  author={Luo, Y. and Chen, M. and Chi, T. and Su, L.},
  booktitle={IEEE Int. Conf. Acoustics, Speech and Signal Processing (ICASSP)},
  pages={156--160},
  year={2018},
}

@incollection{muller2015fundamentals,
  title="Music Synchronization",
  booktitle="Fundamentals of Music Processing: Audio, Analysis, Algorithms, Applications",
  author={M{\"u}ller, M.},
  year={2015},
  pages={131--141},
  address={Berlin, Heidelberg},
  publisher={Springer},
}

@article{gomez2018deep,
  title={Deep Learning for Singing Processing: Achievements, Challenges and Impact on Singers and Listeners},
  author={G{\'o}mez, E. and Blaauw, M. and Bonada, J. and Chandna, P. and Cuesta, H.},
  journal={arXiv preprint arXiv:1807.03046},
  year={2018}
}

@inproceedings{berndt1994using,
  title={Using {D}ynamic {T}ime {W}arping to find patterns in time series},
  author={Berndt, D.J. and Clifford, J.},
  booktitle={{KDD} {W}orkshop},
  volume={10},
  number={16},
  pages={359--370},
  year={1994},
}

@inproceedings{yong2018singing,
  title={Singing Expression Transfer from One Voice to Another for a Given Song},
  author={Yong, S. and Nam, J.},
  booktitle={IEEE Int. Conf. Acoustics, Speech and Signal Processing (ICASSP)},
  pages={151--155},
  year={2018},
}

@article{barbour1938just,
  title={Just intonation confuted},
  author={Barbour, J. M.},
  journal={Music \& Letters},
  pages={48--60},
  year={1938},
  publisher={JSTOR}
}

@inproceedings{devaney2011intonation,
  title={Intonation in solo vocal performance: A study of semitone and whole tone tuning in undergraduate and professional sopranos},
  author={Devaney, J. and Wild, J. and Fujinaga, I.},
  booktitle={Proc. Int. Symp. Performance Science},
  pages={219--224},
  year={2011}
}

@misc{damp2018,
  title  = {{DAMP} {I}ntonation {D}ataset},
  author = {Cook, P. and Wager, S.},
  howpublished = {Available at \url{http://CCRMA.stanford.edu/damp}},
  year   = {2018},
}

@inproceedings{bittner2017deep,
  title={Deep Salience Representations for $f_0$ Estimation in Polyphonic Music},
  author={Bittner, R. M. and McFee, B. and Salamon, J. and Li, P. and Bello, J. P.},
  booktitle={18th Int. Society for Music Information Retrieval Conference (ISMIR)},
  pages={63--70},
  year={2017}
}

@inproceedings{basaranmain,
  title={Main melody extraction with source-filter {NMF} and {CRNN}},
  author={Basaran, D. and Essid, S. and Peeters, G.},
  booktitle={19th Int. Society for Music Information Retrieval Conference (ISMIR)},
  year={2018}
}

@article{kim2018crepe,
  title={CREPE: A Convolutional Representation for Pitch Estimation},
  author={Kim, Jong Wook and Salamon, Justin and Li, Peter and Bello, Juan Pablo},
  journal={arXiv preprint arXiv:1802.06182},
  year={2018}
}

@inproceedings{xu2017convolutional,
  title={Convolutional gated recurrent neural network incorporating spatial features for audio tagging},
  author={Xu, Y. and Kong, Q. and Huang, Q. and Wang, W. and Plumbley, M. D.},
  booktitle={IEEE Int. Joint Conf. Neural Networks (IJCNN)},
  pages={3461--3466},
  year={2017},
}

@article{paszke2017automatic,
  title={Automatic differentiation in {P}y{T}orch},
  author={Paszke, A. and Gross, S. and Chintala, S. and Chanan, G. and Yang, E. and DeVito, Z. and Lin, Z. and Desmaison, A. and Antiga, L. and Lerer, A.},
  year={2017}
}

@article{hsu2017learning,
  title={Learning latent representations for speech generation and transformation},
  author={Hsu, W. and Zhang, Y. and Glass, J.},
  journal={arXiv preprint arXiv:1704.04222},
  year={2017}
}

@InProceedings{nichols2012automatically,
	author = "Nichols, E. and DuHadway, C. and Aradhye, H. and Lyon, R.F.",
	title = "Automatically discovering talented musicians with acoustic analysis of {Y}ou{T}ube videos",
	booktitle = "IEEE 12th Int. Conf. Data Mining (ICDM)",
	year = "2012",
	pages = "559-565",
}

@inproceedings{bertin2011million,
  title={The {M}illion {S}ong {D}ataset},
  author={Bertin-Mahieux, T. and Ellis, D. P. W. and Whitman, B. and Lamere, P.},
  booktitle={12th Int. Society for Music Information Retrieval Conference (ISMIR)},
  volume={2},
  number={9},
  pages={10},
  year={2011}
}

@article{lim2010intune,
	Author = {Lim, K.A. and Raphael, C.},
	Journal = {Computer Music Journal},
	Number = {3},
	Pages = {45-55},
	Publisher = {MIT Press},
	Title = {Intune: A system to support an instrumentalist's visualization of intonation},
	Volume = {34},
	Year = {2010}}


@article{parncutt2018psychocultural,
  title={A psychocultural theory of musical interval: Bye bye {P}ythagoras},
  author={Parncutt, R. and Hair, G.},
  journal={Music Perception: An Interdisciplinary Journal},
  volume={35},
  number={4},
  pages={475--501},
  year={2018},
  publisher={University of California Press Journals}
}


@book{efron1994introduction,
  title={An introduction to the bootstrap},
  author={Efron, B. and Tibshirani, R. J.},
  year={1994},
  publisher={CRC press}
}

@inproceedings{lucinska2012spectral,
  title={Spectral clustering based on k-nearest neighbor graph},
  author={Luci{\'n}ska, M. and Wierzcho{\'n}, S.T.},
  booktitle={IFIP International Conference on Computer Information Systems and Industrial Management},
  pages={254--265},
  year={2012},
  organization={Springer}
}

@article{newman2006modularity,
  title={Modularity and community structure in networks},
  author={Newman, M.E.J.},
  journal={Proceedings of the national academy of sciences},
  volume={103},
  number={23},
  pages={8577--8582},
  year={2006},
  publisher={National Acad Sciences}
}

@inproceedings{wager2018pitch,
  title={Deep {A}utotuner: A Data-Driven Approach to Natural-sounding Pitch Correction for Singing Voice in Karaoke performances},
  author={Wager, S. and Tzanetakis, G. and Wang, C. and Guo, L. and Sivaraman, A. and Kim, M.},
  booktitle={IEEE Int. Conf. Acoustics, Speech and Signal Processing (ICASSP)},
  year={Submitted for publication},
}

@article{schoen1926pitch,
  title={Pitch and Vibrato in Artistic Singing: An Experimental Study},
  author={Schoen, M.},
  journal={The Musical Quarterly},
  volume={12},
  number={2},
  pages={275--290},
  year={1926},
  publisher={JSTOR}
}

@article{cameron1907tonal,
  title={Tonal reactions},
  author={Cameron, E. H.},
  journal={The Psychological Review: Monograph Supplements},
  volume={8},
  number={3},
  pages={227},
  year={1907},
  publisher={The Review Publishing Company}
}

@inproceedings{smaragdis2009separation,
  title={Separation by “humming”: User-guided sound extraction from monophonic mixtures},
  author={Smaragdis, P. and Mysore, G.J.},
  booktitle={IEEE Workshop on Applications of Signal Processing to Audio and Acoustics (WASPAA)},
  pages={69--72},
  year={2009},
}

@inproceedings{huq2010crowdsourcing,
  title={Crowdsourcing a real-world on-line query by humming system},
  author={Huq, A. and Cartwright, M. and Pardo, B.},
  booktitle={Proc. of the Sixth Sound and Music Computing Conf. (SMC)},
  year={2010}
}

@inproceedings{liutkus2012informed,
  title={Informed audio source separation: A comparative study},
  author={Liutkus, A. and Gorlow, S. and Sturmel, N. and Zhang, S. and Girin, L. and Badeau, R. and Daudet, L. and Marchand, S. and Richard, G.},
  booktitle={Proc. of the IEEE 20th European Signal Processing Conf. (EUSIPCO)},
  pages={2397--2401},
  year={2012},
}

@inproceedings{kim2013collaborative,
  title={Collaborative audio enhancement using probabilistic latent component sharing},
  author={Kim, M. and Smaragdis, P.},
  booktitle={IEEE International Conference on Acoustics, Speech and Signal Processing (ICASSP)},
  pages={896--900},
  year={2013},
}

@INPROCEEDINGS{KimMJ2016icassp, 
author={M. Kim and P. Smaragdis}, 
title={Efficient Neighborhood-Based Topic Modeling for Collaborative Audio Enhancement on Massive Crowdsourced Recordings}, 
  booktitle={IEEE International Conference on Acoustics, Speech and Signal Processing (ICASSP)},
  pages={41--45},
  year={2016}
  }
  
@INPROCEEDINGS{StefanakisN2017mmsp, 
author={N. Stefanakis and A. Mouchtaris}, 
booktitle={IEEE International Workshop on Multimedia Signal Processing},
title={Maximum Component Elimination in Mixing of User Generated Audio Recordings}, 
year={2017}
}

@article{ermics2015link,
  title={Link prediction in heterogeneous data via generalized coupled tensor factorization},
  author={Ermi{\c{s}}, Beyza and Acar, Evrim and Cemgil, A Taylan},
  journal={Data Mining and Knowledge Discovery},
  volume={29},
  number={1},
  pages={203--236},
  year={2015},
  publisher={Springer}
}

@inproceedings{mirsamadi,
  title={Multichannel speech dereverberation based on convolutive nonnegative tensor factorization for {ASR} applications},
  author={Mirsamadi, S. and Hansen, J.},
  booktitle={Interspeech},
  pages={2828--2832},
  year={2014}
}

@inproceedings{kameoka2009robust,
  title={Robust speech dereverberation based on non-negativity and sparse nature of speech spectrograms},
  author={Kameoka, Hirokazu and Nakatani, Tomohiro and Yoshioka, Takuya},
  booktitle={IEEE International Conference on Acoustics, Speech and Signal Processing (ICASSP)},
  pages={45--48},
  year={2009}
}

@inproceedings{singh2010latent,
  title={Latent-variable decomposition based dereverberation of monaural and multi-channel signals},
  author={Singh, Rita and Raj, Bhiksha and Smaragdis, Paris},
  booktitle={IEEE International Conference on Acoustics, Speech and Signal Processing (ICASSP)},
  pages={1914--1917},
  year={2010}
}

@inproceedings{kodrasi2016robust,
  title={Robust sparsity-promoting acoustic multi-channel equalization for speech dereverberation},
  author={Kodrasi, Ina and Juki{\'c}, Ante and Doclo, Simon},
  booktitle={IEEE International Conference on Acoustics, Speech and Signal Processing (ICASSP)},
  pages={166--170},
  year={2016}
}

@inproceedings{yu2012constrained,
  title={Constrained multichannel speech dereverberation},
  author={Yu, Meng and Soong, Frank K},
  booktitle={Thirteenth Annual Conference of the International Speech Communication Association},
  year={2012}
}

@article{gillis2012sparse,
  title={Sparse and unique nonnegative matrix factorization through data preprocessing},
  author={Gillis, Nicolas},
  journal={Journal of Machine Learning Research},
  volume={13},
  number={Nov},
  pages={3349--3386},
  year={2012}
}

@article{jukic2017general,
  title={A general framework for incorporating time--frequency domain sparsity in multichannel speech dereverberation},
  author={Jukic, Ante and van Waterschoot, Toon and Gerkmann, Timo and Doclo, Simon},
  journal={Journal of the Audio Engineering Society},
  volume={65},
  number={1/2},
  pages={17--30},
  year={2017},
  publisher={Audio Engineering Society}
}

@article{ibarrola2017use,
  title={On the use of convolutive nonnegative matrix factorization with mixed penalization for blind speech dereverberation},
  author={Ibarrola, Francisco and Di Persia, Leandro and Spies, Ruben},
  year={2017}
}

@article{nakatani2010speech,
  title={Speech dereverberation based on variance-normalized delayed linear prediction},
  author={Nakatani, Tomohiro and Yoshioka, Takuya and Kinoshita, Keisuke and Miyoshi, Masato and Juang, Biing-Hwang},
  journal={IEEE Transactions on Audio, Speech, and Language Processing},
  volume={18},
  number={7},
  pages={1717--1731},
  year={2010},
  publisher={IEEE}
}

@article{mohammadiha2016speech,
  title={Speech dereverberation using non-negative convolutive transfer function and spectro-temporal modeling},
  author={Mohammadiha, Nasser and Doclo, Simon},
  journal={IEEE/ACM Transactions on Audio, Speech and Language Processing},
  volume={24},
  number={2},
  pages={276--289},
  year={2016},
  publisher={IEEE Press}
}

@inproceedings{le2013text,
  title={Text-informed audio source separation using nonnegative matrix partial co-factorization},
  author={Le Magoarou, Luc and Ozerov, Alexey and Duong, Ngoc QK},
  booktitle={IEEE International Workshop on Machine Learning for Signal Processing (MLSP)},
  pages={1--6},
  year={2013},
}

@article{habets2009late,
  title={Late reverberant spectral variance estimation based on a statistical model},
  author={Habets, Emanu{\"e}l AP and Gannot, Sharon and Cohen, Israel},
  journal={IEEE Signal Processing Letters},
  volume={16},
  number={9},
  pages={770--773},
  year={2009},
  publisher={IEEE}
}

@article{ephraim1985speech,
  title={Speech enhancement using a minimum mean-square error log-spectral amplitude estimator},
  author={Ephraim, Yariv and Malah, David},
  journal={IEEE transactions on acoustics, speech, and signal processing},
  volume={33},
  number={2},
  pages={443--445},
  year={1985},
  publisher={IEEE}
}

@phdthesis{sima2006regularization,
  title={Regularization techniques in model fitting and parameter estimation},
  author={Sima, Diana Maria},
  year={2006},
  school={Katholieke Universiteit Leuven Leuven, Belgium}
}

@article{rudin1992nonlinear,
  title={Nonlinear total variation based noise removal algorithms},
  author={Rudin, Leonid I and Osher, Stanley and Fatemi, Emad},
  journal={Physica D: Nonlinear Phenomena},
  volume={60},
  number={1-4},
  pages={259--268},
  year={1992},
  publisher={Elsevier}
}

@INPROCEEDINGS{KingB2012mlsp, 
author={B. King and C. F\'evotte, and P. Smaragdis},
title={Optimal cost function and magnitude power for {NMF}-based speech separation and music interpolation},
booktitle={IEEE Machine Learning for Signal Processing Conference},
year={2012}
}

@inproceedings{lefevre2011itakura,
  title={Itakura-{S}aito nonnegative matrix factorization with group sparsity},
  author={Lefevre, Augustin and Bach, Francis and F{\'e}votte, C{\'e}dric},
  booktitle={IEEE International Conference on Acoustics, Speech and Signal Processing (ICASSP)},
  pages={21--24},
  year={2011},
}

@misc{vincentroomsimove,
  author = {Vincent, E. and Campbell, B. R.},
  title = {Matlab Roomsimove Toolbox},
  url = {http://homepages.loria.fr/evincent/software/Roomsimove/_1.4.zip},
  year = {2008}
}

@article{linguistic1993timit,
  title={{TIMIT} acoustic-phonetic continuous speech corpus, 1993},
  author={Garofolo, J. S. and Lamel, L. F. and Fisher, W. M. and Fiscus, J. G. and Pallett, D. S. and Dahlgren, N. L. and Zue, V.},
  journal={Linguistic Data Consortium, Philadelphia},
  year={1993}
}

@article{griffin1984signal,
  title={Signal estimation from modified short-time {F}ourier transform},
  author={Griffin, Daniel and Lim, Jae},
  journal={IEEE Transactions on Acoustics, Speech, and Signal Processing},
  volume={32},
  number={2},
  pages={236--243},
  year={1984},
  publisher={IEEE}
}

@inproceedings{sawada2011formulations,
  title={Formulations and algorithms for multichannel complex {NMF}},
  author={Sawada, Hiroshi and Kameoka, Hirokazu and Araki, Shoko and Ueda, Naonori},
  booktitle={IEEE International Conference on Acoustics, Speech and Signal Processing (ICASSP)},
  pages={229--232},
  year={2011},
}

@article{fonseca2018general,
  title={General-purpose tagging of {F}reesound audio with audioset labels: {T}ask description, dataset, and baseline},
  author={Fonseca, E. and Plakal, M. and Font, F. and Ellis, D.P.W. and Favory, X. and Pons, J. and Serra, X.},
  journal={arXiv preprint arXiv:1807.09902},
  year={2018}
}

@article{wu2016google,
  title={Google's neural machine translation system: Bridging the gap between human and machine translation},
  author={Wu, Y. and Schuster, M. and Chen, Z. and Le, Q. V. and Norouzi, M. and Macherey, W. and Krikun, M. and Cao, Y. and Gao, Q. and Macherey, K. and others},
  journal={arXiv preprint arXiv:1609.08144},
  year={2016}
}

@article{kingma2013auto,
  title={Auto-encoding variational {B}ayes},
  author={Kingma, D. P. and Welling, M.},
  journal={arXiv preprint arXiv:1312.6114},
  year={2013}
}

@article{doersch2016tutorial,
  title={Tutorial on variational autoencoders},
  author={Doersch, C.},
  journal={arXiv preprint arXiv:1606.05908},
  year={2016}
}

@inproceedings{rauber2002using,
author = {Rauber, A. and Pampalk, E. and Merkl, D.},
year = {2002},
month = {11},
pages = {},
title = {Using Psycho-Acoustic Models and Self-Organizing Maps To Create Hierarchical Structuring of Music by Sound Similarity},
  booktitle={3rd Int. Society for Music Information Retrieval Conference (ISMIR)},

}

@inproceedings{amiriparian2017sequence,
  title={Sequence-to-sequence autoencoders for unsupervised representation learning from audio},
  author={Amiriparian, S. and Freitag, M. and Cummins, N. and Schuller, B.},
  booktitle={Proc. of the DCASE Workshop},
  year={2017}
}

@inproceedings{chung2016unsupervised,
  title={Unsupervised learning of audio segment representations using sequence-to-sequence recurrent neural networks},
  author={Chung, Y. and Wu, C. and Shen, C. and Lee, H.},
  booktitle={Proc. Interspeech},
  year={2016}
}

@article{rauber2002growing,
  title={The growing hierarchical self-organizing map: exploratory analysis of high-dimensional data},
  author={Rauber, A. and Merkl, D. and Dittenbach, M.},
  journal={IEEE Transactions on Neural Networks},
  volume={13},
  number={6},
  pages={1331--1341},
  year={2002},
}

@inproceedings{chung2015recurrent,
  title={A recurrent latent variable model for sequential data},
  author={Chung, J. and Kastner, K. and Dinh, L. and Goel, K. and Courville, A. C. and Bengio, Y.},
  booktitle={Advances in Neural Information Processing Systems (NIPS)},
  pages={2980--2988},
  year={2015}
}

@inproceedings{audioset,
title	= {Audio Set: An ontology and human-labeled dataset for audio events},
author	= {Gemmeke, J. F and Ellis, D. P. W. and Freedman, D. and Jansen, A. and Lawrence, W. and Moore, R. C. and Plakal, M. and Ritter, M.},
year	= {2017},
booktitle	= {IEEE International Conference on Acoustics, Speech and Signal Processing (ICASSP)},
address	= {New Orleans, LA}
}

@article{settle2017query,
  title={Query-by-example search with discriminative neural acoustic word embeddings},
  author={Settle, S. and Levin, K. and Kamper, H. and Livescu, K.},
  journal={arXiv preprint arXiv:1706.03818},
  year={2017}
}

@inproceedings{bromley1994signature,
  title={Signature verification using a" siamese" time delay neural network},
  author={Bromley, J. and Guyon, I. and LeCun, Y. and S{\"a}ckinger, E. and Shah, R.},
  booktitle={Advances in Neural Information Processing Systems (NIPS)},
  pages={737--744},
  year={1994}
}

@article{kohonen1990self,
  title={The self-organizing map},
  author={Kohonen, T.},
  journal={Proceedings of the IEEE},
  volume={78},
  number={9},
  pages={1464--1480},
  year={1990},
  publisher={IEEE}
}

@article{mikolov2013efficient,
  title={Efficient estimation of word representations in vector space},
  author={Mikolov, T. and Chen, K. and Corrado, G. and Dean, J.},
  journal={arXiv preprint arXiv:1301.3781},
  year={2013}
}

@article{zhang2019siamese,
  title={Siamese Style Convolutional Neural Networks for Sound Search by Vocal Imitation},
  author={Zhang, Y. and Pardo, B. and Duan, Z.},
  journal={{IEEE/ACM} Transactions on Audio, Speech, and Language Processing},
  volume={27},
  number={2},
  pages={429--441},
  year={2019},
  publisher={}
}

@article{chung2017learning,
  title={Learning word embeddings from speech},
  author={Chung, Y. and Glass, J.},
  journal={NIPS Workshop on Machine Learning for Audio Signal Processing},
  year={2017}
}

@article{goldberg2014word2vec,
  title={word2vec Explained: deriving {M}ikolov et al.'s negative-sampling word-embedding method},
  author={Goldberg, Y. and Levy, O.},
  journal={arXiv preprint arXiv:1402.3722},
  year={2014}
}

@inproceedings{pennington2014glove,
  title={Glove: Global vectors for word representation},
  author={Pennington, J. and Socher, R. and Manning, C.},
  booktitle={Proceedings of the 2014 conference on empirical methods in natural language processing (EMNLP)},
  pages={1532--1543},
  year={2014}
}

@inproceedings{hadsell2006dimensionality,
  title={Dimensionality reduction by learning an invariant mapping},
  author={Hadsell, R. and Chopra, S. and Le{C}un, Y.},
  pages={1735--1742},
  year={2006},
  organization={IEEE},
  booktitle={Computer Society Conference on Computer Vision and Pattern Recognition (CVPR)},
  volume={2}
}

@inproceedings{deng2014large,
  title={Large-scale object classification using label relation graphs},
  author={Deng, J. and Ding, N. and Jia, Y. and Frome, A. and Murphy, K. and Bengio, S. and Li, Y. and Neven, H. and Adam, H.},
  booktitle={European conf. on computer vision (ECCV)},
  pages={48--64},
  year={2014},
  organization={Springer}
}

@article{wang2018voicefilter,
  title={Voicefilter: Targeted voice separation by speaker-conditioned spectrogram masking},
  author={Wang, Q. and Muckenhirn, H. and Wilson, K. and Sridhar, P. and Wu, Z. and Hershey, J. and Saurous, R. A. and Weiss, R. J. and Jia, Y. and Moreno, I. L.},
  journal={arXiv preprint arXiv:1810.04826},
  year={2018}
}

@article{van2017eeg,
  title={{EEG}-informed attended speaker extraction from recorded speech mixtures with application in neuro-steered hearing prostheses},
  author={Van Eyndhoven, S. and Francart, T. and Bertrand, A.},
  journal={Transactions on Biomedical Engineering},
  volume={64},
  number={5},
  pages={1045--1056},
  year={2017},
  publisher={IEEE}
}

@article{pascual2017segan,
  title={{SEGAN}: Speech enhancement generative adversarial network},
  author={Pascual, S. and Bonafonte, A. and Serr{\`a}, J.},
  journal={arXiv preprint arXiv:1703.09452},
  year={2017}
}

@inproceedings{fu2016snr,
  title={{SNR}-Aware Convolutional Neural Network Modeling for Speech Enhancement},
  author={Fu, S. and Tsao, Y. and Lu, X.},
  booktitle={Interspeech},
  pages={3768--3772},
  year={2016}
}

@inproceedings{rethage2018wavenet,
  title={A wavenet for speech denoising},
  author={Rethage, D. and Pons, J. and Serra, X.},
  booktitle={International Conference on Acoustics, Speech and Signal Processing (ICASSP)},
  pages={5069--5073},
  year={2018},
  organization={IEEE}
}

@inproceedings{grais2017single,
  title={Single-channel audio source separation using convolutional denoising autoencoders},
  author={Grais, E.M. and Plumbley, M.D.},
  booktitle={Global Conference on Signal and Information Processing (GlobalSIP)},
  pages={1265--1269},
  year={2017},
  organization={IEEE}
}

@inproceedings{vzmolikova2017learning,
  title={Learning speaker representation for neural network based multichannel speaker extraction},
  author={{\v{Z}}mol{\'\i}kov{\'a}, K. and Delcroix, M. and Kinoshita, K. and Higuchi, T. and Ogawa, A. and Nakatani, T.},
  booktitle={Automatic Speech Recognition and Understanding Workshop (ASRU)},
  pages={8--15},
  year={2017},
  organization={IEEE}
}

@inproceedings{delcroix2018single,
  title={Single-channel target speaker extraction and recognition with speaker beam},
  author={Delcroix, M. and {\v{Z}}mol{\'\i}kov{\'a}, K. and Kinoshita, K. and Ogawa, A. and Nakatani, T.},
  booktitle={International Conference on Acoustics, Speech, and Signal Processing (ICASSP)},
  pages={5554--5558},
  year={2018},
  organization={IEEE}
}

@article{wang2018voicefilter,
  title={Voicefilter: Targeted voice separation by speaker-conditioned spectrogram masking},
  author={Wang, Q. and Muckenhirn, H. and Wilson, K. and Sridhar, P. and Wu, Z. and Hershey, J. and Saurous, R. A. and Weiss, R. J. and Jia, Y. and Moreno, I. L.},
  journal={arXiv preprint arXiv:1810.04826},
  year={2018}
}

@inproceedings{chen2017deep,
  title={Deep attractor network for single-microphone speaker separation},
  author={Chen, Z. and Luo, Y. and Mesgarani, N.},
  booktitle={International Conference on Acoustics, Speech and Signal Processing (ICASSP)},
  pages={246--250},
  year={2017},
  organization={IEEE}
}

@article{kolbaek2017multitalker,
  title={Multitalker speech separation with utterance-level permutation invariant training of deep recurrent neural networks},
  author={Kolb{\ae}k, M. and Yu, D. and Tan, Z. and Jensen, J. and Kolbaek, M. and Yu, D. and Tan, Z. and Jensen, J.},
  journal={Transactions on Audio, Speech and Language Processing (TASLP)},
  volume={25},
  number={10},
  pages={1901--1913},
  year={2017},
  publisher={IEEE/ACM}
}

@misc{freesound,
  title = {Freesound, a collaborative database of {C}reative {C}ommons {L}icensed sounds},
  howpublished = {\url{https://freesound.org/}},
  note = {Accessed: 2019-03-29}
}

@inproceedings{chazan2017deep,
  title={Deep recurrent mixture of experts for speech enhancement},
  author={Chazan, S.E. and Goldberger, J. and Gannot, S.},
  booktitle={Workshop on Applications of Signal Processing to Audio and Acoustics (WASPAA)},
  pages={359--363},
  year={2017},
  organization={IEEE}
}

@article{keren2018scaling,
  title={Scaling speech enhancement in unseen environments with noise embeddings},
  author={Keren, G. and Han, J. and Schuller, B.},
  journal={arXiv preprint arXiv:1810.12757},
  year={2018}
}

@article{fonseca2019learning,
  title={Learning Sound Event Classifiers from Web Audio with Noisy Labels},
  author={Fonseca, E. and Plakal, M. and Ellis, D.P.W. and Font, F. and Favory, X. and Serra, X.},
  journal={arXiv preprint arXiv:1901.01189},
  year={2019}
}

@inproceedings{fonseca2017freesound,
  title={Freesound datasets: a platform for the creation of open audio datasets},
  author={Fonseca, E. and Pons Puig, J. and Favory, X. and Font Corbera, F. and Bogdanov, D. and Ferraro, A. and Oramas, S. and Porter, A. and Serra, X.},
  booktitle={Proc 18th Int. Society for Music Information Retrieval Conference Conf. (ISMIR)},
  year={2017},
  pages={486--493},
  organization={International Society for Music Information Retrieval (ISMIR)}
}

@inproceedings{cannam2010sonic,
  title={Sonic visualiser: An open-source application for viewing, analysing, and annotating music audio files},
  author={Cannam, C. and Landone, C. and Sandler, M.},
  booktitle={Proc. 18th int. conf. Multimedia},
  pages={1467--1468},
  year={2010},
  organization={ACM}
}

@article{sezgin2004survey,
  title={Survey over image thresholding techniques and quantitative performance evaluation},
  author={Sezgin, M. and S., B.},
  journal={Journal of Electronic imaging},
  volume={13},
  number={1},
  pages={146--166},
  year={2004},
  publisher={Int. Soc. Optics and Photonics}
}

@inproceedings{waloschek2018driftin,
  title={Driftin'Down the Scale: Dynamic Time Warping in the Presence of Pitch Drift and Transpositions.},
  author={Waloschek, S. and Hadjakos, A.},
  booktitle={Int. Soc. Music Information Retrieval},
  pages={630--636},
  year={2018}
}

@inproceedings{charpentier1986diphone,
  title={Diphone synthesis using an overlap-add technique for speech waveforms concatenation},
  author={Charpentier, F. and Stella, M.},
  booktitle={Int. Conf. Acoustics, Speech, and Signal Processing},
  volume={11},
  pages={2015--2018},
  year={1986},
  organization={IEEE}
}

@inproceedings{maiti2019speech,
  title={Speech denoising by parametric resynthesis},
  author={Maiti, S. and Mandel, M.I.},
  booktitle={Int. Conf. Acoustics, Speech and Signal Processing (ICASSP)},
  pages={6995--6999},
  year={2019},
  organization={IEEE}
}

@article{schroeder1962natural,
  title={Natural sounding artificial reverberation},
  author={Schroeder, M.R.},
  journal={J. Audio Engineering Society},
  volume={10},
  number={3},
  pages={219--223},
  year={1962},
}

@article{bryan2019data,
  title={Data Augmentation and Deep Convolutional Neural Networks for Blind Room Acoustic Parameter Estimation},
  author={Bryan, N.J.},
  journal={arXiv preprint arXiv:1909.03642},
  year={2019}
}

@inproceedings{hershey2016deep,
  title={Deep clustering: Discriminative embeddings for segmentation and separation},
  author={Hershey, J.R. and Chen, Z. and Le Roux, J. and Watanabe, S.},
  booktitle={Int. Conf. Acoustics, Speech and Signal Processing (ICASSP)},
  pages={31--35},
  year={2016},
  organization={IEEE}
}

@article{eaton2016estimation,
  title={Estimation of room acoustic parameters: The {ACE} challenge},
  author={Eaton, J. and Gaubitch, N.D. and Moore, A.H and Naylor, P.A.},
  journal={Trans. Audio, Speech, and Language Processing},
  volume={24},
  number={10},
  pages={1681--1693},
  year={2016},
  publisher={IEEE}
}

@inproceedings{delcroix2014linear,
  title={Linear prediction-based dereverberation with advanced speech enhancement and recognition technologies for the {REVERB} challenge},
  author={Delcroix, M. and Yoshioka, T. and Ogawa, A. and Kubo, Y. and Fujimoto, M. and Ito, N. and Kinoshita, K. and Espi, M. and Hori, T. and Nakatani, T. and others},
  booktitle={REVERB workshop},
  year={2014}
}

@inproceedings{luo2018real,
  title={Real-time Single-channel Dereverberation and Separation with Time-domain Audio Separation Network},
  author={Luo, Y. and Mesgarani, N.},
  booktitle={Interspeech},
  pages={342--346},
  year={2018}
}

@inproceedings{mohammadiha2015joint,
  title={Joint acoustic and spectral modeling for speech dereverberation using non-negative representations},
  author={Mohammadiha, N. and Smaragdis, P. and Doclo, S.},
  booktitle={Int. Conf. Acoustics, Speech and Signal Processing (ICASSP)},
  pages={4410--4414},
  year={2015},
  organization={IEEE}
}

@article{engel2020ddsp,
  title={{DDSP}: Differentiable Digital Signal Processing},
  author={Engel, J. and Hantrakul, L. and Gu, C. and Roberts, A.},
  journal={arXiv preprint arXiv:2001.04643},
  year={2020}
}

@article{huang2015joint,
  title={Joint optimization of masks and deep recurrent neural networks for monaural source separation},
  author={Huang, P. and Kim, M. and Hasegawa-Johnson, M. and Smaragdis, P.},
  journal={Trans. Audio, Speech, and Language Processing},
  volume={23},
  number={12},
  pages={2136--2147},
  year={2015},
  publisher={IEEE}
}

@article{allen1979image,
  title={Image method for efficiently simulating small-room acoustics},
  author={Allen, J.B. and Berkley, D.A.},
  journal={J. Acoustical Society of America},
  volume={65},
  number={4},
  pages={943--950},
  year={1979},
}

@article{neely1979invertibility,
  title={Invertibility of a room impulse response},
  author={Neely, S.T. and Allen, J.B.},
  journal={The Journal of the Acoustical Society of America},
  volume={66},
  number={1},
  pages={165--169},
  year={1979},
}

@inproceedings{han2014learning,
  title={Learning spectral mapping for speech dereverberation},
  author={Han, K. and Wang, Y. and Wang, D.},
  booktitle={Int. Conf. Acoustics, Speech and Signal Processing (ICASSP)},
  pages={4628--4632},
  year={2014},
  organization={IEEE}
}

@inproceedings{williamson2017speech,
  title={Speech dereverberation and denoising using complex ratio masks},
  author={Williamson, D.S. and Wang, D.},
  booktitle={Int. Conf. Acoustics, Speech and Signal Processing (ICASSP)},
  pages={5590--5594},
  year={2017},
  organization={IEEE}
}

@article{kinoshita2016summary,
  title={A summary of the {REVERB} challenge: state-of-the-art and remaining challenges in reverberant speech processing research},
  author={Kinoshita, K. and Delcroix, M. and Gannot, S. and Habets, E.A.P. and Haeb-Umbach, R. and Kellermann, W. and Leutnant, V. and Maas, R. and Nakatani, T. and Raj, B. and others},
  journal={EURASIP Journal on Advances in Signal Processing},
  volume={2016},
  number={1},
  pages={7},
  year={2016},
  publisher={Springer}
}

@inproceedings{habets2016fifty,
  title={Fifty years of reverberation reduction: From analog signal processing to machine learning},
  author={Habets, E.},
  booktitle={AES 60th Conf. on DREAMS},
  year={2016}
}

@inproceedings{faller2019modifying,
  title={Modifying Audio Signals for Reproduction with Reduced Room Effect},
  author={Faller, C.},
  booktitle={147th Audio Engineering Society Convention},
  year={2019},
  organization={Audio Engineering Society}
}

@inproceedings{ronneberger2015u,
  title={U-net: Convolutional networks for biomedical image segmentation},
  author={Ronneberger, O. and Fischer, P. and Brox, T.},
  booktitle={Int. Conf. Medical Image Computing and Computer-assisted Intervention},
  pages={234--241},
  year={2015},
  organization={Springer}
}

@article{cecchi2018room,
  title={Room response equalization—A review},
  author={Cecchi, S. and Carini, A. and Spors, S.},
  journal={Applied Sciences},
  volume={8},
  number={1},
  pages={16},
  year={2018},
  publisher={Multidisciplinary Digital Publishing Institute}
}

@inproceedings{ernst2018speech,
  title={Speech dereverberation using fully convolutional networks},
  author={Ernst, O. and Chazan, S.E. and Gannot, S. and Goldberger, J.},
  booktitle={European Signal Processing Conference (EUSIPCO)},
  pages={390--394},
  year={2018},
  organization={IEEE}
}

@inproceedings{tan2018convolutional,
  title={A Convolutional Recurrent Neural Network for Real-Time Speech Enhancement},
  author={Tan, K. and Wang, D.},
  booktitle={Interspeech},
  pages={3229--3233},
  year={2018}
}

@article{li2018single,
  title={Single-channel speech dereverberation via generative adversarial training},
  author={Li, C. and Wang, T. and Xu, S. and Xu, B.},
  journal={arXiv preprint arXiv:1806.09325},
  year={2018}
}

@article{wang2018investigating,
  title={Investigating generative adversarial networks based speech dereverberation for robust speech recognition},
  author={Wang, K. and Zhang, J. and Sun, S. and Wang, Y. and Xiang, F. and Xie, L.},
  journal={arXiv preprint arXiv:1803.10132},
  year={2018}
}

@article{han2015learning,
  title={Learning spectral mapping for speech dereverberation and denoising},
  author={Han, K. and Wang, Y. and Wang, D. and Woods, W.S. and Merks, I. and Zhang, T.},
  journal={Trans. Audio, Speech, and Language Processing},
  volume={23},
  number={6},
  pages={982--992},
  year={2015},
  publisher={IEEE}
}

@article{hochreiter1997long,
  title={Long short-term memory},
  author={Hochreiter, S. and Schmidhuber, J.},
  journal={Neural Computation},
  volume={9},
  number={8},
  pages={1735--1780},
  year={1997},
  publisher={MIT Press}
}

@book{benesty2008microphone,
  title={Microphone array signal processing},
  author={Benesty, J. and Chen, J. and Huang, Y.},
  volume={1},
  year={2008},
  publisher={Springer Science \& Business Media}
}

@book{brandstein2013microphone,
  title={Microphone arrays: signal processing techniques and applications},
  author={Brandstein, M. and Ward, D.},
  year={2013},
  publisher={Springer Science \& Business Media}
}

@inproceedings{kumatani2012microphone,
  title={Microphone array processing for distant speech recognition: Towards real-world deployment},
  author={Kumatani, K. and Arakawa, T. and Yamamoto, K. and Mc{D}onough, J. and Raj, B. and Singh, R. and Tashev, I.},
  booktitle={Proc. Asia Pacific Signal and Information Processing Association Annual Summit and Conference (APSIPA ASC)},
  pages={1--10},
  year={2012},
  organization={IEEE}
}

@inproceedings{sullivan1993multi,
  title={Multi-microphone correlation-based processing for robust speech recognition},
  author={Sullivan, T. M. and Stern, R. M.},
  booktitle={Int. Conf. Acoustics, Speech, and Signal Processing (ICASSP)},
  volume={2},
  pages={91--94},
  year={1993},
  organization={IEEE}
}

@inproceedings{parthasarathi2019lessons,
  title={Lessons from building acoustic models with a million hours of speech},
  author={Parthasarathi, S. H. K. and Strom, N.},
  booktitle={Int. Conf. Acoustics, Speech and Signal Processing (ICASSP)},
  pages={6670--6674},
  year={2019},
  organization={IEEE}
}

@inproceedings{glorot2010understanding,
  title={Understanding the difficulty of training deep feedforward neural networks},
  author={Glorot, X. and Bengio, Y.},
  booktitle={Proc. 13th Int. Conf. Artificial Intelligence and Statistics (AISTATS)},
  pages={249--256},
  year={2010}
}

@inproceedings{ochiai2017multichannel,
  title={Multichannel end-to-end speech recognition},
  author={Ochiai, T. and Watanabe, S. and Hori, T. and Hershey, J. R.},
  booktitle={Proc. 34th Int. Conf. Machine Learning (ICML)},
  pages={2632--2641},
  year={2017},
  volume={70},
  organization={JMLR}
}

@article{sainath2017multichannel,
  title={Multichannel signal processing with deep neural networks for automatic speech recognition},
  author={Sainath, T. N. and Weiss, R. J. and Wilson, K. W. and Li, B. and Narayanan, A. and Variani, E. and Bacchiani, M. and Shafran, I. and Senior, A. and Chin, K. and others},
  journal={Transactions Audio, Speech, and Language Processing (TASLP)},
  volume={25},
  number={5},
  pages={965--979},
  year={2017},
  publisher={IEEE/ACM}
}

@inproceedings{movsner2019improving,
  title={Improving noise robustness of automatic speech recognition via parallel data and teacher-student learning},
  author={Mo{\v{s}}ner, L. and Wu, M. and Raju, A. and Parthasarathi, S. H. K. and Kumatani, K. and Sundaram, S. and Maas, R. and Hoffmeister, B.},
 booktitle={Int. Conf. Acoustics, Speech and Signal Processing (ICASSP)},
  pages={6475--6479},
  year={2019},
  organization={IEEE}
}

@article{hinton2015distilling,
  title={Distilling the knowledge in a neural network},
  author={Hinton, G. and Vinyals, O. and Dean, J.},
   journal={stat},
  volume={1050},
  pages={9},
  year={2015}
}

@inproceedings{minhua2019frequency,
  title={Frequency domain multi-channel acoustic modeling for distant speech recognition},
  author={Wu, M. and Kumatani, K. and Sundaram, S. and Str{\"o}m, N. and Hoffmeister, B.},
  booktitle={Int. Conf. Acoustics, Speech and Signal Processing (ICASSP)},
  pages={6640--6644},
  year={2019},
  organization={IEEE}
}

@inproceedings{li2015lstm,
  title={LSTM time and frequency recurrence for automatic speech recognition},
  author={Li, Ji. and Mohamed, A. and Zweig, G. and Gong, Y.},
  booktitle={Workshop Automatic Speech Recognition and Understanding (ASRU)},
  pages={187--191},
  year={2015},
  organization={IEEE}
}

@article{doclo2007superdirective,
  title={Superdirective beamforming robust against microphone mismatch},
  author={Doclo, S. and Moonen, M.},
  journal={Transactions Audio, Speech, and Language Processing (TASLP)},
  volume={15},
  number={2},
  pages={617--631},
  year={2007},
  publisher={IEEE}
}

@article{himawan2010clustered,
  title={Clustered blind beamforming from ad-hoc microphone arrays},
  author={Himawan, I. and McCowan, I. and Sridharan, S.},
  journal={Transactions Audio, Speech, and Language Processing (TASLP)},
  volume={19},
  number={4},
  pages={661--676},
  year={2010},
  publisher={IEEE}
}

@inproceedings{kumatani2019multi,
  title={Multi-geometry Spatial Acoustic Modeling for Distant Speech Recognition},
  author={Kumatani, K. and Wu, M. and Sundaram, S. and Str{\"o}m, N. and Hoffmeister, B.},
  booktitle={Int. Conf. Acoustics, Speech and Signal Processing (ICASSP)},
  pages={6635--6639},
  year={2019},
  organization={IEEE}
}

@inproceedings{higuchi2016optimization,
  title={Optimization of Speech Enhancement Front-End with Speech Recognition-Level Criterion},
  author={Higuchi, T. and Yoshioka, T. and Nakatani, T.},
  booktitle={Interspeech},
  pages={3808--3812},
  year={2016}
}

@inproceedings{kanda2017investigation,
  title={Investigation of lattice-free maximum mutual information-based acoustic models with sequence-level Kullback-Leibler divergence},
  author={Kanda, N. and Fujita, Y. and Nagamatsu, K.},
  booktitle={Automatic Speech Recognition and Understanding Workshop (ASRU)},
  pages={69--76},
  year={2017},
  organization={IEEE}
}

@book{wolfel2009distant,
  title={Distant speech recognition},
  author={W{\"o}lfel, M. and McDonough, J. W.},
  year={2009},
  publisher={Wiley Online Library}
}

@article{li2017large,
  title={Large-scale domain adaptation via teacher-student learning},
  author={Li, J. and Seltzer, M. L. and Wang, X. and Zhao, R. and Gong, Y.},
  journal={Proc. Interspeech},
  year={2017}
}

@inproceedings{zhang2016imisound,
	Author = {Zhang, Y. and Duan, Z.},
	Booktitle = {ICASSP},
	Pages = {2269--2273},
	Title = {IMISOUND: An unsupervised system for sound query by vocal imitation},
	Year = {2016}
}
	
@inproceedings{goto2012vocalistener,
	Author = {Goto, M. and Nakano, T. and Kajita, S. and Matsusaka, Y. and Nakaoka, S. and Yokoi, K.},
	Booktitle = {ICASSP},
	Pages = {5393--5396},
	Title = {Voca{L}istener and {V}oca{W}atcher: Imitating a human singer by using signal processing},
	Year = {2012},
}

@inproceedings{bonada2003sample,
	Author = {Bonada, J. and Loscos, A. and Kenmochi, H.},
	Booktitle = {Proceedings of Stockholm Music Acoustics Conference},
	Pages = {1--4},
	Title = {Sample-based singing voice synthesizer by spectral concatenation},
	Year = {2003},
}

@article{maestre2009expressive,
	Author = {Maestre, E. and Ram{\'\i}rez, R. and Kersten, S. and Serra, X.},
	Journal = {Computer Music Journal},
	Number = {4},
	Pages = {23--42},
	Publisher = {MIT Press},
	Title = {Expressive concatenative synthesis by reusing samples from real performance recordings},
	Volume = {33},
	Year = {2009}
}

@article{sturm2006adaptive,
	Annote = {Matlab application MatConcat},
	Author = {Sturm, B. L.},
	Date-Added = {2015-07-25 12:49:42 +0000},
	Date-Modified = {2015-07-25 13:41:16 +0000},
	Journal = {Computer Music Journal},
	Keywords = {MatConcat},
	Number = {4},
	Pages = {46--66},
	Publisher = {MIT Press},
	Title = {Adaptive concatenative sound synthesis and its application to micromontage composition},
	Volume = {30},
	Year = {2006}
}

@inproceedings{schwarz2012navigating,
	Author = {Schwarz, D. and Hackbarth, B.},
	Booktitle = {International Computer Music Conference (ICMC)},
	Title = {Navigating variation: composing for audio mosaicing},
	Pages = {1--1},
	Year = {2012}
}

@inproceedings{schwarz2003caterpillar,
	Author = {Schwarz, D.},
	Booktitle = {Digital Audio Effects (DAFx)},
	Date-Added = {2016-07-06 19:02:32 +0000},
	Date-Modified = {2016-07-06 19:02:32 +0000},
	Pages = {135--140},
	Title = {The caterpillar system for data-driven concatenative sound synthesis},
	Year = {2003},
}

@inproceedings{Jonathan-Driedger:2015aa,
	Author = {Driedger, J. and Pr{\"a}tzlich, T. and M{\"u}ller, M.},
	Title = {Let it bee - towards {NMF}-inspired audio mosaicing},
	Year = {2015},
	booktitle = {ISMIR}
}

@inproceedings{lazier2003mosievius,
	Author = {Lazier, A. and Cook, P.},
	Booktitle = {Digital Audio Effects (DAFx)},
	Title = {MOSIEVIUS: Feature driven interactive audio mosaicing},
	Year = {2003},
}

@article{LeeDD99nature,
    author = "D. D. Lee and H. S. Seung",
    title = "Learning the Parts of Objects by Non-negative Matrix Factorization",
    pages = "788--791",
    journal = "Nature",
    volume = 401,
    year = 1999
}
 
 @misc{Lamere:aa,
	Author = {Lamere, P.},
	Howpublished = {https://musicmachinery.com/2012/11/12/the-infinite-jukebox/},
	Title = {The Infinite Jukebox},
}

@article{stowell2010timbre,
	Author = {Stowell, D. and Plumbley, M. D.},
	Date-Added = {2016-07-06 19:22:14 +0000},
	Date-Modified = {2016-07-06 19:22:14 +0000},
	Journal = {Sound and Music Computing (SMC)},
	Title = {Timbre remapping through a regression-tree technique},
	Year = {2010},
}

@article{de2002yin,
	Author = {De Cheveign{\'e}, A. and Kawahara, H.},
	Journal = {The Journal of the Acoustical Society of America},
	Number = {4},
	Pages = {1917--1930},
	Publisher = {Acoustical Society of America},
	Title = {YIN, a fundamental frequency estimator for speech and music},
	Volume = {111},
	Year = {2002},
}

@inproceedings{matthias2014a,
  author = {Mauch, M. and Dixon, S.},
  title = {p{YIN}: A Fundamental Frequency Estimator Using Probabilistic Threshold Distributions},
  booktitle = {ICASSP},
  pages={659--663},
  year={2014},
}

@misc{garageband,
author =   {Apple Inc.},
title =    {Garage {B}and (Music editing software)},
howpublished = {http://www.apple.com/mac/garageband/},
year = {2016}
}

@incollection{rabiner1989tutorial,
 author = {Rabiner, L. R.},
 chapter = {A Tutorial on Hidden Markov Models and Selected Applications in Speech Recognition},
 title = {Readings in Speech Recognition},
 year = {1990},
 pages = {267--296},
 numpages = {30},
}

@inproceedings{raphael2010music,
	Author = {Raphael, C.},
	Booktitle = {ICML},
	Pages = {21--28},
	Title = {Music plus one and machine learning},
	Year = {2010}
}

@article{lindemann2007music,
	Author = {Lindemann, E.},
	Date-Added = {2016-09-06 20:53:30 +0000},
	Date-Modified = {2016-09-06 20:53:30 +0000},
	Journal = {IEEE Signal Processing Magazine},
	Number = {2},
	Pages = {80--91},
	Publisher = {IEEE},
	Title = {Music synthesis with reconstructive phrase modeling},
	Volume = {24},
	Year = {2007}
}

@article{Lindemann:2007aa,
	Author = {Lindemann, Eric},
	Journal = {IEEE Signal Processing Magazine},
	Number = {2},
	Pages = {80-91},
	Title = {Music synthesis with reconstructive phrase modeling},
	Volume = {24},
	Year = {2007}
}

@inproceedings{povey2011kaldi,
  title={The {K}aldi speech recognition toolkit},
  author={Povey, D. and Ghoshal, A. and Boulianne, G. and Burget, L. and Glembek, O. and Goel, N. and Hannemann, M. and Motlicek, P. and Qian, Y. and Schwarz, P. and others},
  booktitle={Workshop on Automatic Speech Recognition and Understanding},
  year={2011},
  organization={IEEE}
}

@inproceedings{wager2018collaborative,
  title={Collaborative Speech Dereverberation: Regularized Tensor Factorization for Crowdsourced Multi-Channel Recordings},
  author={Wager, S. and Kim, M.},
  booktitle={26th European Signal Processing Conference (EUSIPCO)},
  pages={1532--1536},
  year={2018},
  organization={IEEE}
}

@article{wager2020fully,
  title={Fully Learnable Front-End for Multi-Channel Acoustic Modeling using Semi-Supervised Learning},
  author={Wager, S. and Khare, A. and Wu, M. and Kumatani, K. and Sundaram, S.},
  journal={arXiv preprint arXiv:2002.00125},
  year={2020}
}

@inproceedings{wager2017towards,
  title={Towards expressive instrument synthesis through smooth frame-by-frame reconstruction: From string to woodwind},
  author={Wager, S. and Chen, L. and Kim, M. and Raphael, C.},
  booktitle={Int. Conf. Acoustics, Speech and Signal Processing (ICASSP)},
  pages={391--395},
  year={2017},
  organization={IEEE}
}

@misc{wager2020deep,
    title={Deep Autotuner: a Pitch Correcting Network for Singing Performances},
    author={Wager, S. and Tzanetakis, G. and Wang, C. and Kim, M.},
    year={2020},
    eprint={2002.05511},
    archivePrefix={arXiv},
    primaryClass={cs.SD}
}

@inproceedings{le2019sdr,
  title={{SDR}--half-baked or well done?},
  author={Le Roux, J. and Wisdom, S. and Erdogan, H. and Hershey, J.R.},
  booktitle={Int. Conf. Acoustics, Speech and Signal Processing (ICASSP)},
  pages={626--630},
  year={2019},
  organization={IEEE}
}

@article{engel2019gansynth,
  title={{GANS}ynth: Adversarial neural audio synthesis},
  author={Engel, J. and Agrawal, K.K. and Chen, S. and Gulrajani, I. and Donahue, C. and Roberts, A.},
  journal={arXiv preprint arXiv:1902.08710},
  year={2019}
}

@article{luo2019conv,
  title={Conv-{T}as{N}et: Surpassing ideal time--frequency magnitude masking for speech separation},
  author={Luo, Y. and Mesgarani, N.},
  journal={Trans. Audio, Speech, and Language Processing},
  volume={27},
  number={8},
  pages={1256--1266},
  year={2019},
  publisher={IEEE}
}

@article{dolson1986phase,
  title={The phase vocoder: A tutorial},
  author={Dolson, M.},
  journal={Computer Music Journal},
  volume={10},
  number={4},
  pages={14--27},
  year={1986},
  publisher={JSTOR}
}

@article{stoller2018wave,
  title={Wave-{U}-{N}et: A multi-scale neural network for end-to-end audio source separation},
  author={Stoller, D. and Ewert, S. and Dixon, S.},
  booktitle={19th Int. Society for Music Information Retrieval Conference (ISMIR)},
  year={2018}
}

@article{le2019phasebook,
  title={Phasebook and friends: Leveraging discrete representations for source separation},
  author={Le Roux, J. and Wichern, G. and Watanabe, S. and Sarroff, A. and Hershey, J. R.},
  journal={Journal of Selected Topics in Signal Processing (JSTSP)},
  volume={13},
  number={2},
  pages={370--382},
  year={2019},
  publisher={IEEE}
}

@inproceedings{le2008explicit,
  title={Explicit consistency constraints for {STFT} spectrograms and their application to phase reconstruction.},
  author={Le Roux, J. and Ono, N. and Sagayama, S.},
  booktitle={INTERSPEECH},
  pages={23--28},
  year={2008}
}

@article{luo2019conv,
  title={Conv-{T}as{N}et: Surpassing ideal time--frequency magnitude masking for speech separation},
  author={Luo, Y. and Mesgarani, N.},
  journal={Trans. Audio, Speech, and Language Processing},
  volume={27},
  number={8},
  pages={1256--1266},
  year={2019},
  publisher={IEEE}
}

@inproceedings{luo2018real,
  title={Real-time Single-channel Dereverberation and Separation with Time-domain Audio Separation Network},
  author={Luo, Y. and Mesgarani, N.},
  booktitle={Interspeech},
  pages={342--346},
  year={2018}
}

@inproceedings{luo2018tasnet,
  title={Tas{N}et: time-domain audio separation network for real-time, single-channel speech separation},
  author={Luo, Y. and Mesgarani, N.},
  booktitle={Int. Conf. Acoustics, Speech and Signal Processing (ICASSP)},
  pages={696--700},
  year={2018},
  organization={IEEE}
}

@article{oord2016wavenet,
  title={Wave{N}et: A generative model for raw audio},
  author={van den Oord, A. and Dieleman, S. and Zen, H. and Simonyan, K. and Vinyals, O. and Graves, A. and Kalchbrenner, N. and Senior, A. and Kavukcuoglu, K.},
  journal={arXiv preprint arXiv:1609.03499},
  year={2016}
}

@inproceedings{panayotov2015librispeech,
  title={Librispeech: an {ASR} corpus based on public domain audiobooks},
  author={Panayotov, V. and Chen, G. and Povey, D. and Khudanpur, S.},
  booktitle={Int. Conf. Acoustics, Speech and Signal Processing (ICASSP)},
  pages={5206--5210},
  year={2015},
  organization={IEEE}
}

@article{szoke2019building,
  title={Building and evaluation of a real room impulse response dataset},
  author={Sz{\"o}ke, Igor and Sk{\'a}cel, Miroslav and Mo{\v{s}}ner, Ladislav and Paliesek, Jakub and {\v{C}}ernock{\`y}, Jan Honza},
  journal={IEEE Journal of Selected Topics in Signal Processing},
  volume={13},
  number={4},
  pages={863--876},
  year={2019},
  publisher={IEEE}
}

@inproceedings{stewart2010database_c4dm,
  title={Database of omnidirectional and {B}-format room impulse responses},
  author={Stewart, R. and Sandler, M.},
  booktitle={Int. Conf. Acoustics, Speech and Signal Processing},
  pages={165--168},
  year={2010},
  organization={IEEE}
}

@inproceedings{kinoshita2013reverb,
  title={The {REVERB} challenge: A common evaluation framework for dereverberation and recognition of reverberant speech},
  author={Kinoshita, K. and Delcroix, M. and Yoshioka, T. and Nakatani, T. and Habets, E. and Haeb-Umbach, R. and Leutnant, V. and Sehr, A. and Kellermann, W. and Maas, R. and others},
  booktitle={Workshop on Applications of Signal Processing to Audio and Acoustics},
  pages={1--4},
  year={2013},
  organization={IEEE}
}

@inproceedings{jeub2009binaural_aachen_air,
  title={A binaural room impulse response database for the evaluation of dereverberation algorithms},
  author={Jeub, M. and Schafer, M. and Vary, P.},
  booktitle={Int. Conf. Digital Signal Processing},
  pages={1--5},
  year={2009},
  organization={IEEE}
}

@article{nakamura2000acoustical_rwcp,
  title={Acoustical sound database in real environments for sound scene understanding and hands-free speech recognition},
  author={Nakamura, S. and Hiyane, K. and Asano, F. and Nishiura, T. and Yamada, T.},
  year={2000}
}

@article{bacharach1989organizational,
  title={Organizational theories: Some criteria for evaluation},
  author={Bacharach, Samuel B},
  journal={Academy of management review},
  volume={14},
  number={4},
  pages={496--515},
  year={1989},
  publisher={Academy of Management Briarcliff Manor, NY 10510}
}

@article{hambrick2007field,
  title={The field of management's devotion to theory: Too much of a good thing?},
  author={Hambrick, Donald C},
  journal={Academy of Management Journal},
  volume={50},
  number={6},
  pages={1346--1352},
  year={2007},
  publisher={Academy of Management Briarcliff Manor, NY 10510}
}

@article{van1989nothing,
  title={Nothing is quite so practical as a good theory},
  author={Van de Ven, Andrew H},
  journal={Academy of management Review},
  volume={14},
  number={4},
  pages={486--489},
  year={1989},
  publisher={Academy of Management Briarcliff Manor, NY 10510}
}

@article{sutton1995theory,
  title={What theory is not},
  author={Sutton, Robert I and Staw, Barry M},
  journal={Administrative science quarterly},
  pages={371--384},
  year={1995},
  publisher={JSTOR}
}

@article{whetten1989constitutes,
  title={What constitutes a theoretical contribution?},
  author={Whetten, David A},
  journal={Academy of management review},
  volume={14},
  number={4},
  pages={490--495},
  year={1989},
  publisher={Academy of Management Briarcliff Manor, NY 10510}
}

@article{daft1984toward,
  title={Toward a model of organizations as interpretation systems},
  author={Daft, Richard L and Weick, Karl E},
  journal={Academy of management review},
  volume={9},
  number={2},
  pages={284--295},
  year={1984},
  publisher={Academy of management Briarcliff Manor, NY 10510}
}

@article{chandrasekaran2020ibr,
  title={Intervention-Based Research (IBR)---What, Where and How to use it in Operations Management},
  author={Chandrasekaran, A and de Treville, S and Browning, T},
  journal={Journal of Operations Management (JOM)},
  year={2020},
}

@article{oliva2019intervention,
  title={Intervention as a research strategy},
  author={Oliva, R},
  journal={Journal of Operations Management (JOM)},
  year={2019},
}

@misc{wager2019causal,
  title={Machine learning for causal inference},
  howpublished={presented at California Center for Population Research Seminar, UCLA},
  year={2019},
  month={October},
  day={30}
}

@misc{equaltemperament,
    title={Equal temperament},
    author={The Editors of Encyclopaedia Britannica},
    publisher={Encyclopaedia Britannica, inc.},
    year={2019},
    month={May},
    day={30},
    url={https://www.britannica.com/art/equal-temperament},
    urldate={2020-06-11}
}

@misc{blues,
    title={Blues},
    author={The Editors of Encyclopaedia Britannica},
    publisher={Encyclopaedia Britannica, inc.},
    year={2020},
    month={May},
    day={12},
    url={https://www.britannica.com/art/blues-music},
    urldate={2020-07-01}
}

@book{palmer1981deep,
  title={Deep blues},
  author={Palmer, R.},
  year={1981},
  publisher={Penguin Group USA}
}

@inproceedings{alper2005flexibility,
  title={How the flexibility of the twelve-bar blues has helped shape the jazz language},
  author={Alper, G.},
  booktitle={College Music Symposium},
  volume={45},
  pages={1--12},
  year={2005},
  organization={JSTOR}
}

@misc{autotuneBritannica,
    title={Auto-{T}une},
    author={Anderson, Lessley and Sparks, Karen},
    publisher={Encyclopaedia Britannica, inc.},
    year={2014},
    month={October},
    day={15},
    url={https://www.britannica.com/topic/Auto-Tune-1996668},
    urldate={2020-06-14}
}

@InCollection{sep-abduction,
	author       =	{Douven, I.},
	title        =	{Abduction},
	booktitle    =	{The Stanford Encyclopedia of Philosophy},
	editor       =	{Zalta, E. N.},
	howpublished =	{\url{https://plato.stanford.edu/archives/sum2017/entries/abduction/}},
	year         =	{2017},
	edition      =	{Summer 2017},
	publisher    =	{Metaphysics Research Lab, Stanford University}
}

@inbook{lanier2010you,
  title={You are not a gadget: A manifesto},
  author={Lanier, Jaron},
  year={2010},
  publisher={Vintage},
  pages={7-8}
}

@article{eckard2016,
 author  = {Eckard, Greg},
 date    = {2016-02-25},
 title   = {How an Oil Engineer Created Auto-Tune and Changed Music Forever},
 journal = {Vice},
 url     = {https://www.vice.com/en_us/article/bmaj4d/how-an-oil-engineer-created-auto-tune-and-changed-music-forever-interview-creator},
 urldate = {2020-06-10}
}

@article{Freddy2020,
 author  = {Villano, F.},
 title   = {Victor Wooten’s Music and Nature Camps},
 journal = {Making Music Magazine},
 url     = {https://makingmusicmag.com/victor-wootens/},
 urldate = {2020-6-14}
}

@article{katz2014,
author={Katz, R.},
title={Artists should stay acoustic, auto-tune too often artificial and overused},
 date    = {2014-02-28},
 url date    = {2020-06-17},
 journal={The Black and White},
\url{https://theblackandwhite.net/36566/opinion/blogs/artists-should-stay-acoustic-auto-tune-too-often-artificial-and-overused/}
}

@techreport{hall1957theories,
  title={Theories of personality},
  author={Hall, C. S. and Lindzey, G. and Campbell, J. B.},
  year={1957},
  institution={Wiley New York}
}

@article{poggi1965main,
  title={A main theme of contemporary sociological analysis: Its achievements and limitations},
  author={Poggi, G.},
  journal={The British journal of sociology},
  volume={16},
  number={4},
  pages={283--294},
  year={1965},
  publisher={JSTOR}
}

@inproceedings{devaney2020new,
  title={New Metrics for Evaluating the Accuracy of Fundamental Frequency Estimation Approaches in Musical Signals},
  author={Devaney, J.},
  booktitle={Int. Conf. Acoustics, Speech and Signal Processing (ICASSP)},
  pages={531--535},
  year={2020},
  organization={IEEE}
}

@inbook{molnar2020interpretable,
  title={Interpretable machine learning},
  author={Molnar, C.},
  chapter={Importance of Interpretability},
  year={2020},
  publisher={Lulu Press, Inc.}
}

@inproceedings{raghu2017expressive,
  title={On the expressive power of deep neural networks},
  author={Raghu, M. and Poole, B. and Kleinberg, J. and Ganguli, S. and Dickstein, J. S.},
  booktitle={Proc. 34th Int. Conf. Machine Learning},
  pages={2847--2854},
  volume={70},
  year={2017},
  organization={JMLR}
}

@article{jiang2019identifying,
  title={Identifying and correcting label bias in machine learning},
  author={Jiang, H. and Nachum, O.},
  journal={arXiv preprint arXiv:1901.04966},
  year={2019}
}

@article{qin2018convolutional,
  title={How convolutional neural network see the world-A survey of convolutional neural network visualization methods},
  author={Qin, Z. and Yu, F. and Liu, C. and Chen, X.},
  journal={arXiv preprint arXiv:1804.11191},
  year={2018}
}

@inproceedings{patel2016probabilistic,
  title={A probabilistic framework for deep learning},
  author={Patel, A. B. and Nguyen, M. T. and Baraniuk, R.},
  booktitle={Advances in neural information processing systems},
  pages={2558--2566},
  year={2016}
}

@article{verma2018programmatically,
  title={Programmatically interpretable reinforcement learning},
  author={Verma, A. and Murali, V. and Singh, R. and Kohli, P. and Chaudhuri, S.},
  journal={arXiv preprint arXiv:1804.02477},
  year={2018}
}

@article{bohn1998measuring,
  title={Measuring and managing technological knowledge},
  author={Bohn, R. E. and others},
  journal={The Economic Impact of knowledge, Butterworth-Heinemann, Boston},
  pages={295--314},
  year={1998}
}

@article{su2020hifi,
  title={Hi{F}i{-GAN}: High-Fidelity Denoising and Dereverberation Based on Speech Deep Features in Adversarial Networks},
  author={Su, J. and Jin, Z. and Finkelstein, A.},
  journal={arXiv preprint arXiv:2006.05694},
  year={2020}
}

@InCollection{sep-models-science,
	author       =	{Frigg, R. and Hartmann, S.},
	title        =	{Models in Science},
	booktitle    =	{The Stanford Encyclopedia of Philosophy},
	editor       =	{Zalta, E. N.},
	howpublished =	{\url{https://plato.stanford.edu/archives/spr2020/entries/models-science/}},
	year         =	{2020},
	edition      =	{Spring},
	publisher    =	{Metaphysics Research Lab, Stanford University}
}

@book{elgin2017true,
  title={True enough},
  author={Elgin, C. Z.},
  year={2017},
  publisher={MIT Press}
}

@article{zheng2017sift,
  title={{SIFT} meets {CNN}: A decade survey of instance retrieval},
  author={Zheng, L. and Yang, Y. and Tian, Q.},
  journal={Trans. Pattern Analysis and Machine Intelligence},
  volume={40},
  number={5},
  pages={1224--1244},
  year={2017},
  publisher={IEEE}
}

@inproceedings{pennington2014glove,
  title={Glove: Global vectors for word representation},
  author={Pennington, J. and Socher, R. and Manning, C. D.},
  booktitle={Conf. empirical methods in natural language processing (EMNLP)},
  pages={1532--1543},
  year={2014}
}

@article{mikolov2013efficient,
  title={Efficient estimation of word representations in vector space},
  author={Mikolov, T. and Chen, K. and Corrado, G. and Dean, J.},
  journal={arXiv preprint arXiv:1301.3781},
  year={2013}
}

@misc{hass2019introduction,
  title={Introduction to Computer Music: Vol. 1},
  author={Hass, Jeffrey},
  year={2019},
  publisher={Indiana University},
  howpublished={https://cmtext.indiana.edu/toc.php},
  urldate={2020-06-30}
}

@misc{monochord,
    author = {{Mount Salvation Salton Sea (Pinterest)}},
    title = {Monochord},
    note = {[Online; accessed June 30, 2020]},
    url = {https://www.pinterest.com/pin/786300416163830080/}
}

@misc{pitagoras,
    author = {{Harmonik Zentrum Deutschland}},
    title = {Image of Pythagoras working on the monochord},
    year = {14XX},
    note = {[Online; accessed June 30, 2020]},
    url = {https://en.harmonik-zentrum-deutschland.de/das-monochord/}
}

@misc{sola-sacred,
    author = {{Sol{à}-Soler, J.}},
    title = {Proportion in Musical Scales},
    year = {2012},
    note = {[Online; accessed June 30, 2020]},
    url = {https://www.sacred-geometry.es/?q=en/content/proportion-musical-scales}
}

@book{weiss2007music,
  title={Music in the western world},
  author={Weiss, P. and Taruskin, R.},
  year={2007},
  publisher={Cengage Learning}
}

@article{goldman1991new,
  title={A New Look at Zarlino's Theory and its Effect on his Counterpoint Doctrine},
  author={Goldman, D. P.},
  journal={Theory and Practice},
  volume={16},
  pages={163--177},
  year={1991},
  publisher={JSTOR}
}

%@article{jairazbhoy1963intonation,
%  title={Intonation in present-day North Indian classical music},
%  author={Jairazbhoy, N. A. and Stone, A.W.},
%  journal={Bulletin of the School of Oriental and African Studies},
%  volume={26},
%  number={1},
%  pages={119--132},
%  year={1963},
%  publisher={Cambridge University Press}
%}

@book{burkholder2010history,
  title={A History of Western Music: 8th Edition},
  author={Burkholder, J. P. and Grout, D. J. and Palisca, C. V.},
  year={2019},
  publisher={WW Norton \& Company}
}

@article{chatterji1958indian,
  title={Indian classical music},
  author={Chatterji, P.},
  journal={East and West},
  volume={8},
  number={4},
  pages={360--370},
  year={1958},
  publisher={JSTOR}
}

@article{arnold1985intonation,
  title={L'intonation juste dans la th{\'e}orie ancienne de l'Inde: ses applications aux musiques modale et harmonique},
  author={Arnold, W. J.},
  journal={Revue de Musicologie},
  pages={11--38},
  year={1985},
  publisher={JSTOR}
}

@article{ramanna1995structure,
  title={The structure of Raga music},
  author={Ramanna, R.},
  journal={Current Science},
  volume={68},
  number={9},
  pages={897--916},
  year={1995},
  publisher={JSTOR}
}

@phdthesis{peres2016sonic,
  title={The Sonic Dimension as Dramatic Driver in 21st-Century Pop Music.},
  author={Peres, A.},
  year={2016}
}

